@book{ga-book,
  author = "Sivanandam, S. N. and Deepa, S. N.",
  title = "Introduction to Genetic Algorithms",
  publisher ="Springer-Verlag",
  address = "Berlin Heidelberg",
  year = "2008",
  isbn = "ISBN 978-3-540-73189-4"
}

@article{mar-io,
  author = "Baldominos A. and Saez Y. and Recio G. and Calle J",
  title = "Learning Levels of Mario AI Using Genetic Algorithms",
  journal = "Advances in Artificial Intelligence. CAEPIA 2015. Lecture Notes in Computer Science",
  volume = "9422",
  publisher = "Springer",
  address = "Cham",
  doi = "10.1007/978-3-319-24598-0\_24"
}

@conference{ga-transport,
  author = "C. Lin and J. Yu and J. Liu and C. Lee",
  title = "Genetic Algorithm for Shortest Driving Time in Intelligent Transportation Systems",
  year = "2008",
  booktitle = "International Conference on Multimedia and Ubiquitous Engineering 2008",
  pages = "402--406",
  doi = "10.1109/MUE.2008.16"
}

@inproceedings{ga-vrp,
  author = "Zhu, K. Q.",
  title = "A new genetic algorithm for VRPTW",
  booktitle = "Proceedings of the international conference on artificial intelligence",
  year = "2000"
}

@article{ga-tsp,
  author = "Ahmed, Z. H.",
  title = "Genetic algorithm for the traveling salesman problem using sequential constructive crossover operator",
  journal= "International Journal of Biometrics \& Bioinformatics (IJBB)",
  volume = "3.6",
  year = "2010",
  pages = "96",
}

@inproceedings{ga-scheduling,
  author = "Lim, C. and Eoksu S.",
  title = "Production planning in manufacturing/remanufacturing environment using genetic algorithm",
  booktitle = "Proceedings of the 7th annual conference on Genetic and evolutionary computation",
  year = "2005",
}

@article{ga-robocode,
  author = "Shichel Y. and Ziserman E. and Sipper M.",
  title = "Using Genetic Programming to Evolve Robocode Players",
  booktitle = "Genetic Programming. EuroGP 2005. Lecture Notes in Computer Science",
  volume = "3447",
  publisher = "Springer",
  address = "Berlin, Heidelberg",
  doi = "https://doi.org/10.1007/978-3-540-31989-4\_13",
}

@article{ga-portfolio,
  author = "S. Slimane and M. Benbouziane",
  title = "Portfolio Selection Using Genetic Algorithm",
  journal = "Journal of Applied Finance \& Banking",
  volume = "2",
  number ="4",
  year = "2012",
  pages = "143--154",
}

@article{ga-trading,
  author = "R.J. Kuo and C.H. Chen and Y.C. Hwang",
  title = "An intelligent stock trading decision support system through integration of genetic algorithm based fuzzy neural network and artificial neural network",
  journal = "Fuzzy Sets and Systems",
  volume = "118",
  number = "1",
  year = "2001",
  pages = "21-45",
  issn = "ISSN 0165-0114",
  doi = "10.1016/S0165-0114(98)00399-6",
}

@conference{ga-imgseg,
  author = "Pare, S. and Bhandari, A. K. and Kumar, A. and Singh, G. K. and Khare, S.",
  title = "Satellite image segmentation based on different objective functions using genetic algorithm: a comparative study",
  booktitle = "2015 IEEE international conference on digital signal processing (DSP)",
  pages = "730--734",
  publisher = "IEEE",
}

@book{image-proc,
  author = "Jayaraman, S. and S. Esakkirajan and and T. Veerakumar",
  title = "Digital image processing",
  publisher = "Mc Graw Hill",
  address = "India",
  year = "2009",
  isbn = "ISBN 978-0070144798",
}

@conference{ga-imgenh,
  author = "Deborah, H. and Arymurthy, A. M.",
  title = "Image enhancement and image restoration for old document image using genetic algorithm",
  booktitle = "2010 Second International Conference on Advances in Computing, Control, and Telecommunication Technologies",
  pages = "108--112",
  publisher = "IEEE",
}

@incollection{hecht1992,
  title={Theory of the backpropagation neural network},
  author={Hecht-Nielsen, Robert},
  booktitle={Neural networks for perception},
  pages={65--93},
  year={1992},
  publisher={Elsevier}
}

@article{galvan2021,
  title={Neuroevolution in deep neural networks: Current trends and future challenges},
  author={Galv{\'a}n, Edgar and Mooney, Peter},
  journal={IEEE Transactions on Artificial Intelligence},
  volume={2},
  number={6},
  pages={476--493},
  year={2021},
  publisher={IEEE}
}

@article{such2017,
  title={Deep neuroevolution: Genetic algorithms are a competitive alternative for training deep neural networks for reinforcement learning},
  author={Such, Felipe Petroski and Madhavan, Vashisht and Conti, Edoardo and Lehman, Joel and Stanley, Kenneth O and Clune, Jeff},
  journal={arXiv preprint arXiv:1712.06567},
  year={2017}
}

@article{bhoskar2015,
  title={Genetic algorithm and its applications to mechanical engineering: A review},
  author={Bhoskar, Ms Trupti and Kulkarni, Mr Omkar K and Kulkarni, Mr Ninad K and Patekar, Ms Sujata L and Kakandikar, GM and Nandedkar, VM},
  journal={Materials Today: Proceedings},
  volume={2},
  number={4-5},
  pages={2624--2630},
  year={2015},
  publisher={Elsevier}
}

@article{buckley1994,
  title={Fuzzy genetic algorithm and applications},
  author={Buckley, James J and Hayashi, Yoichi},
  journal={Fuzzy sets and systems},
  volume={61},
  number={2},
  pages={129--136},
  year={1994},
  publisher={Elsevier}
}

@article{dawid1998,
  title={On economic applications of the genetic algorithm: a model of the cobweb type},
  author={Dawid, Herbert and Kopel, Michael},
  journal={Journal of Evolutionary Economics},
  volume={8},
  number={3},
  pages={297--315},
  year={1998},
  publisher={Springer}
}

@article{verma2012,
  title={Role and applications of genetic algorithm in data mining},
  author={Verma, Gunjan and Verma, Vineeta},
  journal={International journal of computer applications},
  volume={48},
  number={17},
  pages={5--8},
  year={2012},
  publisher={Citeseer}
}

@inproceedings{barman2017,
  title={State of the art review of speech recognition using genetic algorithm},
  author={Barman, Trishna and Deb, Nabamita},
  booktitle={2017 IEEE International Conference on Power, Control, Signals and Instrumentation Engineering (ICPCSI)},
  pages={2944--2946},
  year={2017},
  organization={IEEE}
}

@article{gonccalves2005,
  title={A hybrid genetic algorithm for the job shop scheduling problem},
  author={Gon{\c{c}}alves, Jos{\'e} Fernando and de Magalh{\~a}es Mendes, Jorge Jos{\'e} and Resende, Mauricio GC},
  journal={European journal of operational research},
  volume={167},
  number={1},
  pages={77--95},
  year={2005},
  publisher={Elsevier}
}

@inproceedings{vakulya2021,
  author = "G. Vakulya",
  title = "Evaluation of a genetic algorithm based image approximation method",
  booktitle = "AIS 2021-16th International Symposium on Applied Informatics and Related Areas - Proceedings",
  year = "2021",
  pages = "12--15",
}

@inproceedings{werner2006,
  title={Fidelity and yield in a volcano monitoring sensor network},
  author={Werner-Allen, Geoff and Lorincz, Konrad and Johnson, Jeff and Lees, Jonathan and Welsh, Matt},
  booktitle={Proceedings of the 7th symposium on Operating systems design and implementation},
  pages={381--396},
  year={2006}
}

@inproceedings{song2009,
  title={Air-dropped sensor network for real-time high-fidelity volcano monitoring},
  author={Song, Wen-Zhan and Huang, Renjie and Xu, Mingsen and Ma, Andy and Shirazi, Behrooz and LaHusen, Richard},
  booktitle={Proceedings of the 7th international conference on Mobile systems, applications, and services},
  pages={305--318},
  year={2009}
}

@inproceedings{wark2008,
  title={Springbrook: Challenges in developing a long-term, rainforest wireless sensor network},
  author={Wark, Tim and Hu, Wen and Corke, Peter and Hodge, Jonathan and Keto, Aila and Mackey, Ben and Foley, Glenn and Sikka, Pavan and Brunig, Michael},
  booktitle={2008 International Conference on Intelligent Sensors, Sensor Networks and Information Processing},
  pages={599--604},
  year={2008},
  organization={IEEE}
}

@article{corke2010,
  title={Environmental wireless sensor networks},
  author={Corke, Peter and Wark, Tim and Jurdak, Raja and Hu, Wen and Valencia, Philip and Moore, Darren},
  journal={Proceedings of the IEEE},
  volume={98},
  number={11},
  pages={1903--1917},
  year={2010},
  publisher={IEEE}
}

@article{cama2013,
  title={Integration of communication technologies in sensor networks to monitor the Amazon environment},
  author={Cama, Alejandro and Montoya, Francisco G and G{\'o}mez, Julio and De La Cruz, Jos{\'e} Luis and Manzano-Agugliaro, Francisco},
  journal={Journal of Cleaner Production},
  volume={59},
  pages={32--42},
  year={2013},
  publisher={Elsevier}
}

@inproceedings{martinez2004,
  title={Glacsweb: a sensor network for hostile environments},
  author={Martinez, Kirk and Ong, Royan and Hart, Jane},
  booktitle={2004 First Annual IEEE Communications Society Conference on Sensor and Ad Hoc Communications and Networks, 2004. IEEE SECON 2004.},
  pages={81--87},
  year={2004},
  organization={IEEE}
}

@inproceedings{martinez2005,
  title={Glacial environment monitoring using sensor networks},
  author={Martinez, Kirk and Padhy, Paritosh and Riddoch, Alistair and Ong, Royan and Hart, Jane},
  booktitle={Proceedings of the Workshop on Real-World Wireless Sensor Networks (REALWSNâ€™05), Stockholm, Sweden},
  pages={20--21},
  year={2005},
  organization={Citeseer}
}

@inproceedings{vakulya2013,
  title={Low-power communication protocol for low duty cycle data acquisition applications},
  author={Vakulya, Gergely and Simon, Gyula},
  booktitle={2013 IEEE International Workshop on Measurements \& Networking (M\&N)},
  pages={58--62},
  year={2013},
  organization={IEEE}
}

@article{adams1974,
  title={The quadrifilar helix antenna},
  author={Adams, A and Greenough, R and Wallenberg, R and Mendelovicz, Ada and Lumjiak, C},
  journal={IEEE transactions on Antennas and Propagation},
  volume={22},
  number={2},
  pages={173--178},
  year={1974},
  publisher={IEEE}
}

@inproceedings{udvardy2019,
  title={3D modelling by UAV survey in a church},
  author={Udvardy, P and Jancs{\'o}, T and Besz{\'e}des, B},
  booktitle={2019 New Trends in Aviation Development (NTAD)},
  pages={189--192},
  year={2019},
  organization={IEEE}
}

@article{erturk2019,
  title={A survey on LoRaWAN architecture, protocol and technologies},
  author={Ert{\"u}rk, Mehmet Ali and Ayd{\i}n, Muhammed Ali and B{\"u}y{\"u}kakka{\c{s}}lar, Muhammet Talha and Evirgen, Hayrettin},
  journal={Future Internet},
  volume={11},
  number={10},
  pages={216},
  year={2019},
  publisher={MDPI}
}

@inproceedings{migabo2017,
  title={A comparative survey study on LPWA networks: LoRa and NB-IoT},
  author={Migabo, Emmanuel and Djouani, Karim and Kurien, Anish and Olwal, Thomas},
  booktitle={Proceedings of the Future Technologies Conference (FTC), Vancouver, BC, Canada},
  pages={29--30},
  year={2017}
}

@inproceedings{loy2005,
  title={{ISM}-Band and Short Range Device Regulatory Compliance Overview},
  author={Matthew Loy},
  year={2005}
}

@misc{doehu,
  title={DrÃ³npilÃ³tÃ¡k OrszÃ¡gos EgyesÃ¼lete},
  url={https://www.doe.hu}
}

@misc{legterhu,
  title={LÃ©gtÃ©r.hu Kft.},
  url={https://www.legter.hu}
}

@misc{eurlex,
  title={{EUR}-Lex -- Access to European Union Law},
  url={https://eur-lex.europa.eu}
}

@misc{sostohu,
  title={SÃ³stÃ³ Natural Reserve webpage},
  url={https://sostoszekesfehervar.hu/turak}
}
